<record><leader>00000cas a22000007a 4500</leader><controlfield tag="001">9233728</controlfield><controlfield tag="008">830217d18941894okuwr ne      0   a0eng d</controlfield><datafield ind1=" " ind2=" " tag="010"><subfield code="a">sn 83025083 </subfield></datafield><datafield ind1=" " ind2=" " tag="040"><subfield code="a">WIH</subfield><subfield code="b">eng</subfield><subfield code="c">WIH</subfield><subfield code="d">NPV</subfield><subfield code="d">OBN</subfield><subfield code="d">OCL</subfield><subfield code="d">OCLCQ</subfield><subfield code="d">OCLCF</subfield><subfield code="d">OCLCO</subfield></datafield><datafield ind1="1" ind2=" " tag="029"><subfield code="a">AU@</subfield><subfield code="b">000025807316</subfield></datafield><datafield ind1=" " ind2=" " tag="042"><subfield code="a">msc</subfield></datafield><datafield ind1=" " ind2=" " tag="043"><subfield code="a">n-us-ok</subfield></datafield><datafield ind1=" " ind2=" " tag="045"><subfield code="a">w9w9</subfield></datafield><datafield ind1=" " ind2=" " tag="052"><subfield code="a">4023</subfield><subfield code="b">C4</subfield></datafield><datafield ind1="0" ind2=" " tag="130"><subfield code="a">Telephone (Tahlequah, Okla. : 1894)</subfield></datafield><datafield ind1="1" ind2="4" tag="245"><subfield code="a">The Telephone.</subfield></datafield><datafield ind1=" " ind2=" " tag="260"><subfield code="a">Tahlequah, Indian Territory [Okla.] :</subfield><subfield code="b">J.H. Dick</subfield></datafield><datafield ind1=" " ind2=" " tag="300"><subfield code="a">v.</subfield></datafield><datafield ind1=" " ind2=" " tag="310"><subfield code="a">Weekly</subfield></datafield><datafield ind1="1" ind2=" " tag="362"><subfield code="a">Began in 1894; ceased in 1894.</subfield></datafield><datafield ind1=" " ind2=" " tag="500"><subfield code="a">Editor: J.H. Dick.</subfield></datafield><datafield ind1=" " ind2=" " tag="588"><subfield code="a">Description based on: Vol. 9, no. 3 (Aug. 2, 1894).</subfield></datafield><datafield ind1=" " ind2="0" tag="650"><subfield code="a">Cherokee Indians</subfield><subfield code="z">Oklahoma</subfield><subfield code="v">Newspapers.</subfield></datafield><datafield ind1=" " ind2="0" tag="650"><subfield code="a">Indians of North America</subfield><subfield code="z">Oklahoma</subfield><subfield code="v">Newspapers.</subfield></datafield><datafield ind1=" " ind2="4" tag="651"><subfield code="a">Tahlequah (Okla.)</subfield><subfield code="v">Newspapers.</subfield></datafield><datafield ind1=" " ind2="4" tag="651"><subfield code="a">Cherokee County (Okla.)</subfield><subfield code="v">Newspapers.</subfield></datafield><datafield ind1=" " ind2="4" tag="651"><subfield code="a">Indian Territory (Okla.)</subfield><subfield code="v">Newspapers.</subfield></datafield><datafield ind1=" " ind2="7" tag="655"><subfield code="a">Newspapers.</subfield><subfield code="2">fast</subfield><subfield code="0">(OCoLC)fst01423814</subfield></datafield><datafield ind1=" " ind2="7" tag="650"><subfield code="a">Cherokee Indians.</subfield><subfield code="2">fast</subfield><subfield code="0">(OCoLC)fst00853662</subfield></datafield><datafield ind1=" " ind2="7" tag="650"><subfield code="a">Indians of North America.</subfield><subfield code="2">fast</subfield><subfield code="0">(OCoLC)fst00969633</subfield></datafield><datafield ind1=" " ind2="7" tag="651"><subfield code="a">Oklahoma.</subfield><subfield code="2">fast</subfield><subfield code="0">(OCoLC)fst01205031</subfield></datafield><datafield ind1="1" ind2=" " tag="700"><subfield code="a">Dick, J. H.</subfield><subfield code="q">(John Henry),</subfield><subfield code="d">1869-</subfield></datafield><datafield ind1=" " ind2=" " tag="752"><subfield code="a">United States</subfield><subfield code="b">Oklahoma</subfield><subfield code="c">Cherokee</subfield><subfield code="d">Tahlequah.</subfield></datafield><datafield ind1="0" ind2="0" tag="780"><subfield code="t">Cherokee telephone</subfield><subfield code="w">(DLC)sn 83025082</subfield><subfield code="w">(OCoLC)9233580</subfield></datafield><datafield ind1="0" ind2="7" tag="785"><subfield code="t">Indian arrow</subfield><subfield code="w">(DLC)sn 83025084</subfield><subfield code="w">(OCoLC)9233904</subfield></datafield><datafield ind1="0" ind2="7" tag="785"><subfield code="t">Arrow-telephone</subfield><subfield code="w">(DLC)sn 83025085</subfield><subfield code="w">(OCoLC)9234036</subfield></datafield></record>